<?xml version="1.0" encoding="UTF-8"?><collection xmlns="http://www.loc.gov/MARC21/slim"><record><leader>00357nam--2200121-i-4500</leader><controlfield tag="001">000027243</controlfield><controlfield tag="002">20161230</controlfield><controlfield tag="005">20161230201036</controlfield><controlfield tag="008">060222s1000------------r-----000-0-eng-d</controlfield><datafield ind1=" " ind2=" " tag="100"><subfield code="a">Krogmann, Klaus</subfield></datafield><datafield ind1=" " ind2=" " tag="245"><subfield code="a">Uber die thermische zersetzung von nickelformial.(teza de doctorat)</subfield></datafield><datafield ind1=" " ind2=" " tag="260"><subfield code="a">Stuttgart, Technische Hochschule, 1961. 16p. + 11 Fig</subfield></datafield><datafield ind1=" " ind2=" " tag="852"><subfield code="a">17356</subfield></datafield></record></collection>